@BOOK{hanneman:network_methods,
	AUTHOR = "Hanneman, Robert A. and Mark Riddle",
	TITLE = "Introduction to Social Network Methods",
	PUBLISHER = "University of California, Riverside",
	ADDRESS = "Riverside, CA",
	YEAR = "2005"	}

@inproceedings{pingzer:networks,
 author = {Pinzger, Martin and Nagappan, Nachiappan and Murphy, Brendan},
 title = {Can Developer-module Networks Predict Failures?},
 booktitle = {Proceedings of the 16th ACM SIGSOFT International Symposium on Foundations of Software Engineering},
 series = {SIGSOFT '08/FSE-16},
 year = {2008},
 isbn = {978-1-59593-995-1},
 location = {Atlanta, Georgia},
 pages = {2--12},
 numpages = {11},
 url = {http://doi.acm.org/10.1145/1453101.1453105},
 doi = {10.1145/1453101.1453105},
 acmid = {1453105},
 publisher = {ACM},
 address = {New York, NY, USA},
 keywords = {developer contribution network, failure prediction, network centrality measures, social network analysis},
} 

@inproceedings{Kalliamvakou:GitHub,
 author = {Kalliamvakou, Eirini and Gousios, Georgios and Blincoe, Kelly and Singer, Leif and German, Daniel M. and Damian, Daniela},
 title = {The Promises and Perils of Mining GitHub},
 booktitle = {Proceedings of the 11th Working Conference on Mining Software Repositories},
 series = {MSR 2014},
 year = {2014},
 isbn = {978-1-4503-2863-0},
 location = {Hyderabad, India},
 pages = {92--101},
 numpages = {10},
 url = {http://doi.acm.org/10.1145/2597073.2597074},
 doi = {10.1145/2597073.2597074},
 acmid = {2597074},
 publisher = {ACM},
 address = {New York, NY, USA},
 keywords = {Mining software repositories, bias, code reviews, git, github},
} 

@inproceedings{Dyer:Boa,
  author = {Dyer, Robert and Nguyen, Hoan Anh and Rajan, Hridesh and Nguyen, Tien N.},
  title = {Boa: A Language and Infrastructure for Analyzing Ultra-Large-Scale Software Repositories}, 
  booktitle = {35th International Conference on Software Engineering},
  series = {ICSE'13},
  month = {May},
  year = {2013},
  pages = {422--431},
  location = {San Francisco, CA},
}

@inproceedings{Bird:Distributed,
 author = {Bird, Christian and Nagappan, Nachiappan and Devanbu, Premkumar and Gall, Harald and Murphy, Brendan},
 title = {Does Distributed Development Affect Software Quality? An Empirical Case Study of Windows Vista},
 booktitle = {Proceedings of the 31st International Conference on Software Engineering},
 series = {ICSE '09},
 year = {2009},
 isbn = {978-1-4244-3453-4},
 pages = {518--528},
 numpages = {11},
 url = {http://dx.doi.org/10.1109/ICSE.2009.5070550},
 doi = {10.1109/ICSE.2009.5070550},
 acmid = {1555065},
 publisher = {IEEE Computer Society},
 address = {Washington, DC, USA},
} 

@book{oram:software,
  title={Making Software: What Really Works, and Why We Believe It},
  author={Oram, A. and Wilson, G.},
  isbn={9781449397760},
  url={https://books.google.ca/books?id=DxuGi5h2-HEC},
  year={2010},
  publisher={O'Reilly Media}
}

@inproceedings{rahman:metrics,
 author = {Rahman, Foyzur and Devanbu, Premkumar},
 title = {How, and Why, Process Metrics Are Better},
 booktitle = {Proceedings of the 2013 International Conference on Software Engineering},
 series = {ICSE '13},
 year = {2013},
 isbn = {978-1-4673-3076-3},
 location = {San Francisco, CA, USA},
 pages = {432--441},
 numpages = {10},
 url = {http://dl.acm.org/citation.cfm?id=2486788.2486846},
 acmid = {2486846},
 publisher = {IEEE Press},
 address = {Piscataway, NJ, USA},
} 

@inproceedings{Nag:Failures,
  title={Mining metrics to predict component failures},
  author={Nagappan, Nachiappan and Ball, Thomas and Zeller, Andreas},
  booktitle={Proceedings of the 28th international conference on Software engineering},
  pages={452--461},
  year={2006},
  organization={ACM}
}

@inproceedings{Nag:Org,
 author = {Nagappan, Nachiappan and Murphy, Brendan and Basili, Victor},
 title = {The Influence of Organizational Structure on Software Quality: An Empirical Case Study},
 booktitle = {Proceedings of the 30th International Conference on Software Engineering},
 series = {ICSE '08},
 year = {2008},
 isbn = {978-1-60558-079-1},
 location = {Leipzig, Germany},
 pages = {521--530},
 numpages = {10},
 url = {http://doi.acm.org/10.1145/1368088.1368160},
 doi = {10.1145/1368088.1368160},
 acmid = {1368160},
 publisher = {ACM},
 address = {New York, NY, USA},
 keywords = {code churn, developers, empirical studies, failures, organizational structure, software mining},
} 

@inproceedings{Bird:Sociotechinal,
 author = {Bird, Christian and Nagappan, Nachiappan and Gall, Harald and Murphy, Brendan and Devanbu, Premkumar},
 title = {Putting It All Together: Using Socio-technical Networks to Predict Failures},
 booktitle = {Proceedings of the 20th IEEE International Conference on Software Reliability Engineering},
 series = {ISSRE'09},
 year = {2009},
 isbn = {978-1-4244-5375-7},
 location = {Bengaluru-Mysuru, India},
 pages = {109--119},
 numpages = {11},
 url = {http://dl.acm.org/citation.cfm?id=1802408.1802424},
 acmid = {1802424},
 publisher = {IEEE Press},
 address = {Piscataway, NJ, USA},
} 
